
      <record>
         <leader>00000nz  a2200169   4500</leader>
         <controlfield tag="001">30001672</controlfield>
         <controlfield tag="003">RISM</controlfield>
         <controlfield tag="005">20160216</controlfield>
         <controlfield tag="008">160216n||az|||||||##########||||||||||||</controlfield>
         <datafield tag="040" ind1=" " ind2=" ">
            <subfield code="a">H-Ba</subfield>
         </datafield>
         <datafield tag="043" ind1=" " ind2=" ">
            <subfield code="c">XA-HU</subfield>
         </datafield>
         <datafield tag="110" ind1="2" ind2=" ">
            <subfield code="a">Magyar Tudományos Akadémia Könyvtára</subfield>
            <subfield code="c">Budapest</subfield>
            <subfield code="g">H-Ba</subfield>
         </datafield>
         <datafield tag="410" ind1="2" ind2=" ">
            <subfield code="a">Hungarian Academy of Sciences, Old Books and Manuscripts Division</subfield>
         </datafield>
         <datafield tag="410" ind1="2" ind2=" ">
            <subfield code="a">Magyar Tudományos Akadémia Régi Könyvek Tára és Kézirattár</subfield>
         </datafield>
         <datafield tag="622" ind1=" " ind2=" ">
            <subfield code="e">Magyar Tudományos Akadémia Könyvtára, P.O.B. 7, Akadémia u. 2, 1361 Budapest V, Hungary</subfield>
         </datafield>
      </record>