
      <record>
         <leader>00000nz  a2200169   4500</leader>
         <controlfield tag="001">30004481</controlfield>
         <controlfield tag="003">RISM</controlfield>
         <controlfield tag="005">20160216</controlfield>
         <controlfield tag="008">160216n||az|||||||##########||||||||||||</controlfield>
         <datafield tag="040" ind1=" " ind2=" ">
            <subfield code="a">H-Bag</subfield>
         </datafield>
         <datafield tag="043" ind1=" " ind2=" ">
            <subfield code="c">XA-HU</subfield>
         </datafield>
         <datafield tag="110" ind1="2" ind2=" ">
            <subfield code="a">Állami Gorkij Könyvtár</subfield>
            <subfield code="c">Budapest</subfield>
            <subfield code="g">H-Bag</subfield>
         </datafield>
         <datafield tag="410" ind1="2" ind2=" ">
            <subfield code="a">Gorkij State Library, Music Division</subfield>
         </datafield>
         <datafield tag="622" ind1=" " ind2=" ">
            <subfield code="e">Állami Gorkij Könyvtár, P.O.B. 17, Gorkij-fasor 45, 1406 Budapest VII, Hungary</subfield>
         </datafield>
      </record>