
      <record>
         <leader>00000nz  a2200169   4500</leader>
         <controlfield tag="001">30001673</controlfield>
         <controlfield tag="003">RISM</controlfield>
         <controlfield tag="005">20160216</controlfield>
         <controlfield tag="008">160216n||az|||||||##########||||||||||||</controlfield>
         <datafield tag="040" ind1=" " ind2=" ">
            <subfield code="a">H-Bami</subfield>
         </datafield>
         <datafield tag="043" ind1=" " ind2=" ">
            <subfield code="c">XA-HU</subfield>
         </datafield>
         <datafield tag="110" ind1="2" ind2=" ">
            <subfield code="a">Magyar Tudományos Akadémia Zenetudományi Intézet Könyvtára</subfield>
            <subfield code="c">Budapest</subfield>
            <subfield code="g">H-Bami</subfield>
         </datafield>
         <datafield tag="410" ind1="2" ind2=" ">
            <subfield code="a">Hungarian Academy of Sciences, Institute of Musicology Library</subfield>
         </datafield>
         <datafield tag="622" ind1=" " ind2=" ">
            <subfield code="e">Magyar Tudományos Akadémia Zenetudományi,  Intézet Könyvtára, P.O.B. 28, Országház u. 9, 1014 Budapest I, Hungary</subfield>
         </datafield>
      </record>