
      <record>
         <leader>00000nz  a2200169   4500</leader>
         <controlfield tag="001">30000132</controlfield>
         <controlfield tag="003">RISM</controlfield>
         <controlfield tag="005">20160216</controlfield>
         <controlfield tag="008">160216n||az|||||||##########||||||||||||</controlfield>
         <datafield tag="040" ind1=" " ind2=" ">
            <subfield code="a">H-Bb</subfield>
         </datafield>
         <datafield tag="043" ind1=" " ind2=" ">
            <subfield code="c">XA-HU</subfield>
         </datafield>
         <datafield tag="110" ind1="2" ind2=" ">
            <subfield code="a">Bartók Béla Zeneművészeti Szakközépiskola Könyvtára</subfield>
            <subfield code="c">Budapest</subfield>
            <subfield code="g">H-Bb</subfield>
         </datafield>
         <datafield tag="410" ind1="2" ind2=" ">
            <subfield code="a">Béla Bartók Conservatory, Library</subfield>
         </datafield>
         <datafield tag="410" ind1="2" ind2=" ">
            <subfield code="a">Nemzeti Zenede Könyvtára</subfield>
         </datafield>
         <datafield tag="580" ind1=" " ind2=" ">
            <subfield code="x">H-Bl</subfield>
            <subfield code="0">30001677</subfield>
         </datafield>
      </record>