
      <record>
         <leader>00000nz  a2200169   4500</leader>
         <controlfield tag="001">30001675</controlfield>
         <controlfield tag="003">RISM</controlfield>
         <controlfield tag="005">20160216</controlfield>
         <controlfield tag="008">160216n||az|||||||##########||||||||||||</controlfield>
         <datafield tag="040" ind1=" " ind2=" ">
            <subfield code="a">H-Bf</subfield>
         </datafield>
         <datafield tag="043" ind1=" " ind2=" ">
            <subfield code="c">XA-HU</subfield>
         </datafield>
         <datafield tag="110" ind1="2" ind2=" ">
            <subfield code="a">Belvárosi Főplébániatemplom Kottatára</subfield>
            <subfield code="c">Budapest</subfield>
            <subfield code="g">H-Bf</subfield>
         </datafield>
         <datafield tag="410" ind1="2" ind2=" ">
            <subfield code="a">Downtown Chief Parish Church, Music Collection</subfield>
         </datafield>
         <datafield tag="622" ind1=" " ind2=" ">
            <subfield code="e">Belvárosi Főplébániatemplom Kottatára, Március 15. tér 2, 1056 Budapest V, Hungary</subfield>
         </datafield>
      </record>