
      <record>
         <leader>00000nz  a2200169   4500</leader>
         <controlfield tag="001">30000293</controlfield>
         <controlfield tag="003">RISM</controlfield>
         <controlfield tag="005">20160216</controlfield>
         <controlfield tag="008">160216n||az|||||||##########||||||||||||</controlfield>
         <datafield tag="040" ind1=" " ind2=" ">
            <subfield code="a">H-Bfr</subfield>
         </datafield>
         <datafield tag="043" ind1=" " ind2=" ">
            <subfield code="c">XA-HU</subfield>
         </datafield>
         <datafield tag="110" ind1="2" ind2=" ">
            <subfield code="a">Ferences Rendtartomán Főnökség, Könyvtár és Levéltár</subfield>
            <subfield code="c">Budapest</subfield>
            <subfield code="g">H-Bfr</subfield>
         </datafield>
         <datafield tag="410" ind1="2" ind2=" ">
            <subfield code="a">Franciscan Provincial Headquarters, Library and Archive</subfield>
         </datafield>
         <datafield tag="410" ind1="2" ind2=" ">
            <subfield code="a">Franciskánus Könyvtár (Franziskaner Bibliothek)</subfield>
         </datafield>
         <datafield tag="622" ind1=" " ind2=" ">
            <subfield code="e">Ferences Rendtartomán Főnökség,, Könyvtár és Levéltár, Mártirok útja 23, 1024  Budapest II, Hungary</subfield>
         </datafield>
      </record>