
      <record>
         <leader>00000nz  a2200169   4500</leader>
         <controlfield tag="001">30001676</controlfield>
         <controlfield tag="003">RISM</controlfield>
         <controlfield tag="005">20160216</controlfield>
         <controlfield tag="008">160216n||az|||||||##########||||||||||||</controlfield>
         <datafield tag="040" ind1=" " ind2=" ">
            <subfield code="a">H-Bj</subfield>
         </datafield>
         <datafield tag="043" ind1=" " ind2=" ">
            <subfield code="c">XA-HU</subfield>
         </datafield>
         <datafield tag="110" ind1="2" ind2=" ">
            <subfield code="a">Józsefvárosi Evangélikus Egyházközség Kottatára</subfield>
            <subfield code="c">Budapest</subfield>
            <subfield code="g">H-Bj</subfield>
         </datafield>
         <datafield tag="410" ind1="2" ind2=" ">
            <subfield code="a">Józsefváros Lutheran Church District Music Collection</subfield>
         </datafield>
         <datafield tag="622" ind1=" " ind2=" ">
            <subfield code="e">Józsefvárosi Evangélikus Egyházközség,  Kottatára, Üllöi út, 1085 Budapest VIII, Hungary</subfield>
         </datafield>
      </record>