
      <record>
         <leader>00000nz  a2200169   4500</leader>
         <controlfield tag="001">30001677</controlfield>
         <controlfield tag="003">RISM</controlfield>
         <controlfield tag="005">20160216</controlfield>
         <controlfield tag="008">160216n||az|||||||##########||||||||||||</controlfield>
         <datafield tag="040" ind1=" " ind2=" ">
            <subfield code="a">H-Bl</subfield>
         </datafield>
         <datafield tag="043" ind1=" " ind2=" ">
            <subfield code="c">XA-HU</subfield>
         </datafield>
         <datafield tag="110" ind1="2" ind2=" ">
            <subfield code="a">Liszt Ferenc Zeneművészeti Főiskola Könyvtára</subfield>
            <subfield code="c">Budapest</subfield>
            <subfield code="g">H-Bl</subfield>
         </datafield>
         <datafield tag="410" ind1="2" ind2=" ">
            <subfield code="a">Liszt Ferenc Academy of Music, Library</subfield>
         </datafield>
         <datafield tag="622" ind1=" " ind2=" ">
            <subfield code="e">Liszt Ferenc Zeneművészeti Főiskola,  Könyvtára, P.O.B. 206, Liszt Ferenc tér 8, 1391 Budapest VI, Hungary</subfield>
            <subfield code="u">http://www.lfze.hu</subfield>
         </datafield>
      </record>