
      <record>
         <leader>00000nz  a2200169   4500</leader>
         <controlfield tag="001">30001678</controlfield>
         <controlfield tag="003">RISM</controlfield>
         <controlfield tag="005">20160216</controlfield>
         <controlfield tag="008">160216n||az|||||||##########||||||||||||</controlfield>
         <datafield tag="040" ind1=" " ind2=" ">
            <subfield code="a">H-Bm</subfield>
         </datafield>
         <datafield tag="043" ind1=" " ind2=" ">
            <subfield code="c">XA-HU</subfield>
         </datafield>
         <datafield tag="110" ind1="2" ind2=" ">
            <subfield code="a">Budavári Nagyboldogasszony templom Kottatára</subfield>
            <subfield code="c">Budapest</subfield>
            <subfield code="g">H-Bm</subfield>
         </datafield>
         <datafield tag="410" ind1="2" ind2=" ">
            <subfield code="a">Budavári Koronázó Főtemplom</subfield>
         </datafield>
         <datafield tag="410" ind1="2" ind2=" ">
            <subfield code="a">Mátyás-templom</subfield>
         </datafield>
         <datafield tag="622" ind1=" " ind2=" ">
            <subfield code="e">Budavári Nagyboldogasszony templom, Kottatára, Szentháromság tér 2, 1014 Budapest, Hungary</subfield>
            <subfield code="u">http://www.matyas-templom.hu/</subfield>
         </datafield>
      </record>