
      <record>
         <leader>00000nz  a2200169   4500</leader>
         <controlfield tag="001">30004482</controlfield>
         <controlfield tag="003">RISM</controlfield>
         <controlfield tag="005">20160216</controlfield>
         <controlfield tag="008">160216n||az|||||||##########||||||||||||</controlfield>
         <datafield tag="040" ind1=" " ind2=" ">
            <subfield code="a">H-Bmnm</subfield>
         </datafield>
         <datafield tag="043" ind1=" " ind2=" ">
            <subfield code="c">XA-HU</subfield>
         </datafield>
         <datafield tag="110" ind1="2" ind2=" ">
            <subfield code="a">Magyar Nemzeti Múzeum</subfield>
            <subfield code="c">Budapest</subfield>
            <subfield code="g">H-Bmnm</subfield>
         </datafield>
         <datafield tag="410" ind1="2" ind2=" ">
            <subfield code="a">Hungarian National Museum</subfield>
         </datafield>
         <datafield tag="410" ind1="2" ind2=" ">
            <subfield code="a">Magyar Nemzeti Múzeum, Újkori Osztály</subfield>
         </datafield>
         <datafield tag="622" ind1=" " ind2=" ">
            <subfield code="e">Magyar Nemzeti Múzeum, P.O.B. 364, Múzeum Körút 14-16, 1370 Budapest VIII, Hungary</subfield>
         </datafield>
      </record>