
      <record>
         <leader>00000nz  a2200169   4500</leader>
         <controlfield tag="001">30000188</controlfield>
         <controlfield tag="003">RISM</controlfield>
         <controlfield tag="005">20160216</controlfield>
         <controlfield tag="008">160216n||az|||||||##########||||||||||||</controlfield>
         <datafield tag="040" ind1=" " ind2=" ">
            <subfield code="a">H-Bmzs</subfield>
         </datafield>
         <datafield tag="043" ind1=" " ind2=" ">
            <subfield code="c">XA-HU</subfield>
         </datafield>
         <datafield tag="110" ind1="2" ind2=" ">
            <subfield code="a">Magyar Zeneművészek Szövetsége</subfield>
            <subfield code="c">Budapest</subfield>
            <subfield code="g">H-Bmzs</subfield>
         </datafield>
         <datafield tag="410" ind1="2" ind2=" ">
            <subfield code="a">Hungarian Composers' Association, Library</subfield>
         </datafield>
         <datafield tag="580" ind1=" " ind2=" ">
            <subfield code="x">H-Bn</subfield>
            <subfield code="0">30000134</subfield>
         </datafield>
      </record>