
      <record>
         <leader>00000nz  a2200169   4500</leader>
         <controlfield tag="001">30004485</controlfield>
         <controlfield tag="003">RISM</controlfield>
         <controlfield tag="005">20160216</controlfield>
         <controlfield tag="008">160216n||az|||||||##########||||||||||||</controlfield>
         <datafield tag="040" ind1=" " ind2=" ">
            <subfield code="a">H-Bni</subfield>
         </datafield>
         <datafield tag="043" ind1=" " ind2=" ">
            <subfield code="c">XA-HU</subfield>
         </datafield>
         <datafield tag="110" ind1="2" ind2=" ">
            <subfield code="a">Népmüvelési Intézet Szakkönyvtára</subfield>
            <subfield code="c">Budapest</subfield>
            <subfield code="g">H-Bni</subfield>
         </datafield>
         <datafield tag="410" ind1="2" ind2=" ">
            <subfield code="a">The Institute of Popular Culture, Special Library</subfield>
         </datafield>
         <datafield tag="622" ind1=" " ind2=" ">
            <subfield code="e">Népmüvelési Intézet Szakkönyvtára, P.O.B. 33, Corvin tér 8, 1251 Budapest I, Hungary</subfield>
         </datafield>
      </record>