
      <record>
         <leader>00000nz  a2200169   4500</leader>
         <controlfield tag="001">30004486</controlfield>
         <controlfield tag="003">RISM</controlfield>
         <controlfield tag="005">20160216</controlfield>
         <controlfield tag="008">160216n||az|||||||##########||||||||||||</controlfield>
         <datafield tag="040" ind1=" " ind2=" ">
            <subfield code="a">H-Bnm</subfield>
         </datafield>
         <datafield tag="043" ind1=" " ind2=" ">
            <subfield code="c">XA-HU</subfield>
         </datafield>
         <datafield tag="110" ind1="2" ind2=" ">
            <subfield code="a">Néprajzi Múzeum Népzenei Osztálya</subfield>
            <subfield code="c">Budapest</subfield>
            <subfield code="g">H-Bnm</subfield>
         </datafield>
         <datafield tag="410" ind1="2" ind2=" ">
            <subfield code="a">Ethnographic Museum, Folk Music Department</subfield>
         </datafield>
         <datafield tag="622" ind1=" " ind2=" ">
            <subfield code="e">Néprajzi Múzeum Népzenei Osztálya, Kossuth tér 12, 1055 Budapest, Hungary</subfield>
         </datafield>
      </record>