
      <record>
         <leader>00000nz  a2200169   4500</leader>
         <controlfield tag="001">30003404</controlfield>
         <controlfield tag="003">RISM</controlfield>
         <controlfield tag="005">20160216</controlfield>
         <controlfield tag="008">160216n||az|||||||##########||||||||||||</controlfield>
         <datafield tag="040" ind1=" " ind2=" ">
            <subfield code="a">H-Bo</subfield>
         </datafield>
         <datafield tag="043" ind1=" " ind2=" ">
            <subfield code="c">XA-HU</subfield>
         </datafield>
         <datafield tag="110" ind1="2" ind2=" ">
            <subfield code="a">Állami Operaház</subfield>
            <subfield code="c">Budapest</subfield>
            <subfield code="g">H-Bo</subfield>
         </datafield>
         <datafield tag="410" ind1="2" ind2=" ">
            <subfield code="a">Hungarian State Opera House, Music Collection</subfield>
         </datafield>
         <datafield tag="410" ind1="2" ind2=" ">
            <subfield code="a">Magyar Állami Operaház Kottatára</subfield>
         </datafield>
         <datafield tag="622" ind1=" " ind2=" ">
            <subfield code="e">Állami Operaház, P.O.B. 503, Népköztársaság útja 22, 1373 Budapest VI, Hungary</subfield>
         </datafield>
      </record>