
      <record>
         <leader>00000nz  a2200169   4500</leader>
         <controlfield tag="001">30001680</controlfield>
         <controlfield tag="003">RISM</controlfield>
         <controlfield tag="005">20160216</controlfield>
         <controlfield tag="008">160216n||az|||||||##########||||||||||||</controlfield>
         <datafield tag="040" ind1=" " ind2=" ">
            <subfield code="a">H-Br</subfield>
         </datafield>
         <datafield tag="043" ind1=" " ind2=" ">
            <subfield code="c">XA-HU</subfield>
         </datafield>
         <datafield tag="110" ind1="2" ind2=" ">
            <subfield code="a">Ráday Gyűjtemény, Könyvtár és Levéltár</subfield>
            <subfield code="c">Budapest</subfield>
            <subfield code="g">H-Br</subfield>
         </datafield>
         <datafield tag="410" ind1="2" ind2=" ">
            <subfield code="a">Ráday Collection, Library and Archive</subfield>
         </datafield>
         <datafield tag="410" ind1="2" ind2=" ">
            <subfield code="a">Ráday Könyvtár</subfield>
         </datafield>
         <datafield tag="622" ind1=" " ind2=" ">
            <subfield code="e">Ráday Gyűjtemény, Könyvtár és Levéltár, Ráday u. 28, 1092 Budapest IX, Hungary</subfield>
         </datafield>
      </record>