
      <record>
         <leader>00000nz  a2200169   4500</leader>
         <controlfield tag="001">30001681</controlfield>
         <controlfield tag="003">RISM</controlfield>
         <controlfield tag="005">20160216</controlfield>
         <controlfield tag="008">160216n||az|||||||##########||||||||||||</controlfield>
         <datafield tag="040" ind1=" " ind2=" ">
            <subfield code="a">H-Bs</subfield>
         </datafield>
         <datafield tag="043" ind1=" " ind2=" ">
            <subfield code="c">XA-HU</subfield>
         </datafield>
         <datafield tag="110" ind1="2" ind2=" ">
            <subfield code="a">Központi Szemináriumi Könyvtár</subfield>
            <subfield code="c">Budapest</subfield>
            <subfield code="g">H-Bs</subfield>
         </datafield>
         <datafield tag="410" ind1="2" ind2=" ">
            <subfield code="a">Roman Catholic Central Theological Academy, Central Seminary Library</subfield>
         </datafield>
         <datafield tag="410" ind1="2" ind2=" ">
            <subfield code="a">Római Katolikus Központi Hittudományi Akadémia Központi Szemináriumi Könyvtár</subfield>
         </datafield>
         <datafield tag="622" ind1=" " ind2=" ">
            <subfield code="e">Központi Szemináriumi Könyvtár, Eötvös Loránd u. 7. II. e., 1053 Budapest V, Hungary</subfield>
         </datafield>
      </record>