
      <record>
         <leader>00000nz  a2200169   4500</leader>
         <controlfield tag="001">30003053</controlfield>
         <controlfield tag="003">RISM</controlfield>
         <controlfield tag="005">20160216</controlfield>
         <controlfield tag="008">160216n||az|||||||##########||||||||||||</controlfield>
         <datafield tag="040" ind1=" " ind2=" ">
            <subfield code="a">H-Bsk</subfield>
         </datafield>
         <datafield tag="043" ind1=" " ind2=" ">
            <subfield code="c">XA-HU</subfield>
         </datafield>
         <datafield tag="110" ind1="2" ind2=" ">
            <subfield code="a">Fővárosi Szabó Ervin Könyvtár</subfield>
            <subfield code="c">Budapest</subfield>
            <subfield code="g">H-Bsk</subfield>
         </datafield>
         <datafield tag="410" ind1="2" ind2=" ">
            <subfield code="a">Ervin Szabó Municipal Library, Music Collection</subfield>
         </datafield>
         <datafield tag="410" ind1="2" ind2=" ">
            <subfield code="a">Fővárosi Szabó Ervin Könyvtár Zenei Gyüjteménye</subfield>
         </datafield>
         <datafield tag="410" ind1="2" ind2=" ">
            <subfield code="a">Városi Könyvtár</subfield>
         </datafield>
         <datafield tag="622" ind1=" " ind2=" ">
            <subfield code="e">Fővárosi Szabó Ervin Könyvtár, Fehérhajó u. 5, 1052  Budapest V, Hungary</subfield>
         </datafield>
      </record>