
      <record>
         <leader>00000nz  a2200169   4500</leader>
         <controlfield tag="001">30001683</controlfield>
         <controlfield tag="003">RISM</controlfield>
         <controlfield tag="005">20160216</controlfield>
         <controlfield tag="008">160216n||az|||||||##########||||||||||||</controlfield>
         <datafield tag="040" ind1=" " ind2=" ">
            <subfield code="a">H-Bu</subfield>
         </datafield>
         <datafield tag="043" ind1=" " ind2=" ">
            <subfield code="c">XA-HU</subfield>
         </datafield>
         <datafield tag="110" ind1="2" ind2=" ">
            <subfield code="a">Eötvös Loránd Tudományegyetem Egyetemi Könyvtár</subfield>
            <subfield code="c">Budapest</subfield>
            <subfield code="g">H-Bu</subfield>
         </datafield>
         <datafield tag="410" ind1="2" ind2=" ">
            <subfield code="a">Loránd Eötvös University Library</subfield>
         </datafield>
         <datafield tag="622" ind1=" " ind2=" ">
            <subfield code="e">Eötvös Loránd Tudományegyetem, Egyetemi Könyvtár, Ferenciek tere 6., 1053 Budapest, Hungary</subfield>
            <subfield code="u">http://www.konyvtar.elte.hu</subfield>
         </datafield>
      </record>