
      <record>
         <leader>00000nz  a2200169   4500</leader>
         <controlfield tag="001">30001684</controlfield>
         <controlfield tag="003">RISM</controlfield>
         <controlfield tag="005">20160216</controlfield>
         <controlfield tag="008">160216n||az|||||||##########||||||||||||</controlfield>
         <datafield tag="040" ind1=" " ind2=" ">
            <subfield code="a">H-CSg</subfield>
         </datafield>
         <datafield tag="043" ind1=" " ind2=" ">
            <subfield code="c">XA-HU</subfield>
         </datafield>
         <datafield tag="110" ind1="2" ind2=" ">
            <subfield code="a">Csokonai Vitéz Mihály Gimnázium Könyvtára</subfield>
            <subfield code="c">Csurgó</subfield>
            <subfield code="g">H-CSg</subfield>
         </datafield>
         <datafield tag="410" ind1="2" ind2=" ">
            <subfield code="a">Mihály Csokonai Vitéz Secondary School Library</subfield>
         </datafield>
         <datafield tag="622" ind1=" " ind2=" ">
            <subfield code="e">Csokonai Vitéz Mihály Gimnázium,  Könyvtára, Széchényi tér 9, 8840 Csurgó, Hungary</subfield>
         </datafield>
      </record>