
      <record>
         <leader>00000nz  a2200169   4500</leader>
         <controlfield tag="001">30001685</controlfield>
         <controlfield tag="003">RISM</controlfield>
         <controlfield tag="005">20160216</controlfield>
         <controlfield tag="008">160216n||az|||||||##########||||||||||||</controlfield>
         <datafield tag="040" ind1=" " ind2=" ">
            <subfield code="a">H-DR</subfield>
         </datafield>
         <datafield tag="043" ind1=" " ind2=" ">
            <subfield code="c">XA-HU</subfield>
         </datafield>
         <datafield tag="110" ind1="2" ind2=" ">
            <subfield code="a">Tiszántúli Református Egyházkerület Nagykönyvtára</subfield>
            <subfield code="c">Debrecen</subfield>
            <subfield code="g">H-DR</subfield>
         </datafield>
         <datafield tag="410" ind1="2" ind2=" ">
            <subfield code="a">Reformed Church District East of the River Tisza, Library</subfield>
         </datafield>
         <datafield tag="410" ind1="2" ind2=" ">
            <subfield code="a">Református Kollegium Nagykönyvtára</subfield>
         </datafield>
         <datafield tag="622" ind1=" " ind2=" ">
            <subfield code="e">Tiszántúli Református Egyházkerület,  Nagykönyvtára, Kálvin tér 16, 4404 Debrecen, Hungary</subfield>
         </datafield>
      </record>