
      <record>
         <leader>00000nz  a2200169   4500</leader>
         <controlfield tag="001">30001686</controlfield>
         <controlfield tag="003">RISM</controlfield>
         <controlfield tag="005">20160216</controlfield>
         <controlfield tag="008">160216n||az|||||||##########||||||||||||</controlfield>
         <datafield tag="040" ind1=" " ind2=" ">
            <subfield code="a">H-DRm</subfield>
         </datafield>
         <datafield tag="043" ind1=" " ind2=" ">
            <subfield code="c">XA-HU</subfield>
         </datafield>
         <datafield tag="110" ind1="2" ind2=" ">
            <subfield code="a">Déri Múzeum</subfield>
            <subfield code="c">Debrecen</subfield>
            <subfield code="g">H-DRm</subfield>
         </datafield>
         <datafield tag="410" ind1="2" ind2=" ">
            <subfield code="a">Déri Museum</subfield>
         </datafield>
         <datafield tag="622" ind1=" " ind2=" ">
            <subfield code="e">Déri Múzeum, P.O.B. 61, Déri tér 1, 4001 Debrecen, Hungary</subfield>
         </datafield>
      </record>