
      <record>
         <leader>00000nz  a2200169   4500</leader>
         <controlfield tag="001">30003051</controlfield>
         <controlfield tag="003">RISM</controlfield>
         <controlfield tag="005">20160216</controlfield>
         <controlfield tag="008">160216n||az|||||||##########||||||||||||</controlfield>
         <datafield tag="040" ind1=" " ind2=" ">
            <subfield code="a">H-DRt</subfield>
         </datafield>
         <datafield tag="043" ind1=" " ind2=" ">
            <subfield code="c">XA-HU</subfield>
         </datafield>
         <datafield tag="110" ind1="2" ind2=" ">
            <subfield code="a">Tiszántuli Református Egyházkerület Nagykönyvtár</subfield>
            <subfield code="c">Debrecen</subfield>
            <subfield code="g">H-DRt</subfield>
         </datafield>
      </record>