
      <record>
         <leader>00000nz  a2200169   4500</leader>
         <controlfield tag="001">30001687</controlfield>
         <controlfield tag="003">RISM</controlfield>
         <controlfield tag="005">20160216</controlfield>
         <controlfield tag="008">160216n||az|||||||##########||||||||||||</controlfield>
         <datafield tag="040" ind1=" " ind2=" ">
            <subfield code="a">H-DRu</subfield>
         </datafield>
         <datafield tag="043" ind1=" " ind2=" ">
            <subfield code="c">XA-HU</subfield>
         </datafield>
         <datafield tag="110" ind1="2" ind2=" ">
            <subfield code="a">Kossuth Lajos Tudományegyetem Könyvtára</subfield>
            <subfield code="c">Debrecen</subfield>
            <subfield code="g">H-DRu</subfield>
         </datafield>
         <datafield tag="410" ind1="2" ind2=" ">
            <subfield code="a">Lajos Kossuth University Library, Music Division</subfield>
         </datafield>
         <datafield tag="622" ind1=" " ind2=" ">
            <subfield code="e">Kossuth Lajos Tudományegyetem Könyvtára, P.O.B. 39, Egyetem tér 1, 4010 Debrecen, Hungary</subfield>
         </datafield>
      </record>