
      <record>
         <leader>00000nz  a2200169   4500</leader>
         <controlfield tag="001">30001690</controlfield>
         <controlfield tag="003">RISM</controlfield>
         <controlfield tag="005">20160216</controlfield>
         <controlfield tag="008">160216n||az|||||||##########||||||||||||</controlfield>
         <datafield tag="040" ind1=" " ind2=" ">
            <subfield code="a">H-Efkö</subfield>
         </datafield>
         <datafield tag="043" ind1=" " ind2=" ">
            <subfield code="c">XA-HU</subfield>
         </datafield>
         <datafield tag="110" ind1="2" ind2=" ">
            <subfield code="a">Főszékesegyházi Könyvtár</subfield>
            <subfield code="c">Esztergom</subfield>
            <subfield code="g">H-Efkö</subfield>
         </datafield>
         <datafield tag="410" ind1="2" ind2=" ">
            <subfield code="a">Chief Cathedral Library</subfield>
         </datafield>
         <datafield tag="410" ind1="2" ind2=" ">
            <subfield code="a">Bibliotheca Ecclesia Metropolitanae Stringoniensis</subfield>
         </datafield>
         <datafield tag="622" ind1=" " ind2=" ">
            <subfield code="e">Főszékesegyházi Könyvtár, Bajcsy Zsilinszky u. 28, 2500 Esztergom, Hungary</subfield>
         </datafield>
      </record>