
      <record>
         <leader>00000nz  a2200169   4500</leader>
         <controlfield tag="001">30004488</controlfield>
         <controlfield tag="003">RISM</controlfield>
         <controlfield tag="005">20160216</controlfield>
         <controlfield tag="008">160216n||az|||||||##########||||||||||||</controlfield>
         <datafield tag="040" ind1=" " ind2=" ">
            <subfield code="a">H-Efr</subfield>
         </datafield>
         <datafield tag="043" ind1=" " ind2=" ">
            <subfield code="c">XA-HU</subfield>
         </datafield>
         <datafield tag="110" ind1="2" ind2=" ">
            <subfield code="a">Ferences Könyvtár</subfield>
            <subfield code="c">Esztergom</subfield>
            <subfield code="g">H-Efr</subfield>
         </datafield>
         <datafield tag="410" ind1="2" ind2=" ">
            <subfield code="a">Franciscan Library</subfield>
         </datafield>
         <datafield tag="580" ind1=" " ind2=" ">
            <subfield code="x">H-Bfr</subfield>
            <subfield code="0">30000293</subfield>
         </datafield>
      </record>