
      <record>
         <leader>00000nz  a2200169   4500</leader>
         <controlfield tag="001">30001692</controlfield>
         <controlfield tag="003">RISM</controlfield>
         <controlfield tag="005">20160216</controlfield>
         <controlfield tag="008">160216n||az|||||||##########||||||||||||</controlfield>
         <datafield tag="040" ind1=" " ind2=" ">
            <subfield code="a">H-EG</subfield>
         </datafield>
         <datafield tag="043" ind1=" " ind2=" ">
            <subfield code="c">XA-HU</subfield>
         </datafield>
         <datafield tag="110" ind1="2" ind2=" ">
            <subfield code="a">Főegyházmegyei Könyvtár</subfield>
            <subfield code="c">Eger</subfield>
            <subfield code="g">H-EG</subfield>
         </datafield>
         <datafield tag="410" ind1="2" ind2=" ">
            <subfield code="a">Bibliotheca Archidiocesana</subfield>
         </datafield>
         <datafield tag="410" ind1="2" ind2=" ">
            <subfield code="a">Katolikus Főegyházmegyei Könyvtár</subfield>
         </datafield>
         <datafield tag="622" ind1=" " ind2=" ">
            <subfield code="e">Főegyházmegyei Könyvtár, Szabadság tér 2. I. 36, 3300 Eger, Hungary</subfield>
            <subfield code="u">http://www.efkt.hu/</subfield>
         </datafield>
      </record>