
      <record>
         <leader>00000nz  a2200169   4500</leader>
         <controlfield tag="001">30078920</controlfield>
         <controlfield tag="003">RISM</controlfield>
         <controlfield tag="005">20160216</controlfield>
         <controlfield tag="008">160216n||az|||||||##########||||||||||||</controlfield>
         <datafield tag="040" ind1=" " ind2=" ">
            <subfield code="a">H-EGfl</subfield>
         </datafield>
         <datafield tag="043" ind1=" " ind2=" ">
            <subfield code="c">XA-HU</subfield>
         </datafield>
         <datafield tag="110" ind1="2" ind2=" ">
            <subfield code="a">Egri Főegyházmegyei Levéltár</subfield>
            <subfield code="c">Eger</subfield>
            <subfield code="g">H-EGfl</subfield>
         </datafield>
         <datafield tag="410" ind1="2" ind2=" ">
            <subfield code="a">Archiv der Erzdiözese von Eger</subfield>
         </datafield>
         <datafield tag="622" ind1=" " ind2=" ">
            <subfield code="e">Egri Főegyházmegyei Levéltár, Széchenyi u. 5, 3300 Eger, Hungary</subfield>
            <subfield code="u">http://www.egriersekileveltar.hu/</subfield>
         </datafield>
      </record>