
      <record>
         <leader>00000nz  a2200169   4500</leader>
         <controlfield tag="001">30078939</controlfield>
         <controlfield tag="003">RISM</controlfield>
         <controlfield tag="005">20160216</controlfield>
         <controlfield tag="008">160216n||az|||||||##########||||||||||||</controlfield>
         <datafield tag="040" ind1=" " ind2=" ">
            <subfield code="a">H-Gb</subfield>
         </datafield>
         <datafield tag="043" ind1=" " ind2=" ">
            <subfield code="c">HU</subfield>
         </datafield>
         <datafield tag="110" ind1="2" ind2=" ">
            <subfield code="a">Győri bazilika, archívum</subfield>
            <subfield code="c">Győr</subfield>
            <subfield code="g">H-Gb</subfield>
         </datafield>
         <datafield tag="410" ind1="2" ind2=" ">
            <subfield code="a">Kathedrale der heiligen Jungfrau Maria, Musikarchiv</subfield>
         </datafield>
      </record>