
      <record>
         <leader>00000nz  a2200169   4500</leader>
         <controlfield tag="001">30001694</controlfield>
         <controlfield tag="003">RISM</controlfield>
         <controlfield tag="005">20160216</controlfield>
         <controlfield tag="008">160216n||az|||||||##########||||||||||||</controlfield>
         <datafield tag="040" ind1=" " ind2=" ">
            <subfield code="a">H-Gc</subfield>
         </datafield>
         <datafield tag="043" ind1=" " ind2=" ">
            <subfield code="c">XA-HU</subfield>
         </datafield>
         <datafield tag="110" ind1="2" ind2=" ">
            <subfield code="a">Püspöki Papnevelő Intézet Könyvtára</subfield>
            <subfield code="c">Győr</subfield>
            <subfield code="g">H-Gc</subfield>
         </datafield>
         <datafield tag="410" ind1="2" ind2=" ">
            <subfield code="a">Episcopal Seminary Library</subfield>
         </datafield>
         <datafield tag="410" ind1="2" ind2=" ">
            <subfield code="a">Katolikus Papnevelő Könyvtára</subfield>
         </datafield>
         <datafield tag="622" ind1=" " ind2=" ">
            <subfield code="e">Püspöki Papnevelő Intézet Könyvtára, P.O.B. 60, Káptalan domb 23, 9002 Győr, Hungary</subfield>
         </datafield>
      </record>