
      <record>
         <leader>00000nz  a2200169   4500</leader>
         <controlfield tag="001">30001698</controlfield>
         <controlfield tag="003">RISM</controlfield>
         <controlfield tag="005">20160216</controlfield>
         <controlfield tag="008">160216n||az|||||||##########||||||||||||</controlfield>
         <datafield tag="040" ind1=" " ind2=" ">
            <subfield code="a">H-GGn</subfield>
         </datafield>
         <datafield tag="043" ind1=" " ind2=" ">
            <subfield code="c">XA-HU</subfield>
         </datafield>
         <datafield tag="110" ind1="2" ind2=" ">
            <subfield code="a">Gyöngyösi Ferences Műemlék-Könyvtár</subfield>
            <subfield code="c">Gyöngyös</subfield>
            <subfield code="g">H-GGn</subfield>
         </datafield>
         <datafield tag="410" ind1="2" ind2=" ">
            <subfield code="a">The József Bajza Historical Library of the National Széchényi Library</subfield>
         </datafield>
         <datafield tag="410" ind1="2" ind2=" ">
            <subfield code="a">Országos Széchényi Könyvtár, Bazja Jószef műemlék-könyvtár</subfield>
         </datafield>
         <datafield tag="410" ind1="2" ind2=" ">
            <subfield code="a">Széchényi Nationalbibliothek, J.-Bajza-Denkmalbibliothek</subfield>
         </datafield>
         <datafield tag="622" ind1=" " ind2=" ">
            <subfield code="e">Gyöngyösi Ferences Műemlék-Könyvtár, Táncsics Mihály u. 9, 3200 Gyöngyös, Hungary</subfield>
         </datafield>
      </record>