
      <record>
         <leader>00000nz  a2200169   4500</leader>
         <controlfield tag="001">30004490</controlfield>
         <controlfield tag="003">RISM</controlfield>
         <controlfield tag="005">20160216</controlfield>
         <controlfield tag="008">160216n||az|||||||##########||||||||||||</controlfield>
         <datafield tag="040" ind1=" " ind2=" ">
            <subfield code="a">H-Gsp</subfield>
         </datafield>
         <datafield tag="043" ind1=" " ind2=" ">
            <subfield code="c">XA-HU</subfield>
         </datafield>
         <datafield tag="110" ind1="2" ind2=" ">
            <subfield code="a">Győr-Sopron-Pápa Református Egyházmegyei Könyvtár</subfield>
            <subfield code="c">Győr</subfield>
            <subfield code="g">H-Gsp</subfield>
         </datafield>
         <datafield tag="410" ind1="2" ind2=" ">
            <subfield code="a">Győr-Sopron-Pápa Reformed Diocesan Library</subfield>
         </datafield>
         <datafield tag="622" ind1=" " ind2=" ">
            <subfield code="e">Győr-Sopron-Pápa Református Egyházmegyei,  Könyvtár, Kossuth u. 9, 9227 Győr, Hungary</subfield>
         </datafield>
      </record>