
      <record>
         <leader>00000nz  a2200169   4500</leader>
         <controlfield tag="001">30001697</controlfield>
         <controlfield tag="003">RISM</controlfield>
         <controlfield tag="005">20160216</controlfield>
         <controlfield tag="008">160216n||az|||||||##########||||||||||||</controlfield>
         <datafield tag="040" ind1=" " ind2=" ">
            <subfield code="a">H-Gz</subfield>
         </datafield>
         <datafield tag="043" ind1=" " ind2=" ">
            <subfield code="c">XA-HU</subfield>
         </datafield>
         <datafield tag="110" ind1="2" ind2=" ">
            <subfield code="a">Zeneművészeti Szakközépiskola Könyvtára</subfield>
            <subfield code="c">Győr</subfield>
            <subfield code="g">H-Gz</subfield>
         </datafield>
         <datafield tag="410" ind1="2" ind2=" ">
            <subfield code="a">Music Secondary School Library</subfield>
         </datafield>
         <datafield tag="622" ind1=" " ind2=" ">
            <subfield code="e">Zeneművészeti Szakközépiskola Könyvtára, P.O.B. 125, Rákóczi F. u. 57, 9022 Győr, Hungary</subfield>
         </datafield>
      </record>