
      <record>
         <leader>00000nz  a2200169   4500</leader>
         <controlfield tag="001">30000074</controlfield>
         <controlfield tag="003">RISM</controlfield>
         <controlfield tag="005">20160216</controlfield>
         <controlfield tag="008">160216n||az|||||||##########||||||||||||</controlfield>
         <datafield tag="040" ind1=" " ind2=" ">
            <subfield code="a">H-KE</subfield>
         </datafield>
         <datafield tag="043" ind1=" " ind2=" ">
            <subfield code="c">XA-HU</subfield>
         </datafield>
         <datafield tag="110" ind1="2" ind2=" ">
            <subfield code="a">Helikon Kastélymúzeum Könyvtára</subfield>
            <subfield code="c">Keszthely</subfield>
            <subfield code="g">H-KE</subfield>
         </datafield>
         <datafield tag="410" ind1="2" ind2=" ">
            <subfield code="a">Helikon Castle Museum Library</subfield>
         </datafield>
         <datafield tag="410" ind1="2" ind2=" ">
            <subfield code="a">Helikon Kastélmúzeum</subfield>
         </datafield>
         <datafield tag="410" ind1="2" ind2=" ">
            <subfield code="a">Országos Széchényi Könyvtár "Helikon"</subfield>
         </datafield>
         <datafield tag="410" ind1="2" ind2=" ">
            <subfield code="a">Országos Széchényi Könyvtár Helikon Könyvtára</subfield>
         </datafield>
         <datafield tag="622" ind1=" " ind2=" ">
            <subfield code="e">Helikon Kastélymúzeum Könyvtára, Kastély u. 1., 8360 Keszthely, Hungary</subfield>
            <subfield code="u">http://www.meszi.hu/helikonkastely/index.php?page=fouri_eletforma_kiallitas_csaladi_arckepcsarnok</subfield>
         </datafield>
      </record>