
      <record>
         <leader>00000nz  a2200169   4500</leader>
         <controlfield tag="001">30000135</controlfield>
         <controlfield tag="003">RISM</controlfield>
         <controlfield tag="005">20160216</controlfield>
         <controlfield tag="008">160216n||az|||||||##########||||||||||||</controlfield>
         <datafield tag="040" ind1=" " ind2=" ">
            <subfield code="a">H-KŐ</subfield>
         </datafield>
         <datafield tag="043" ind1=" " ind2=" ">
            <subfield code="c">XA-HU</subfield>
         </datafield>
         <datafield tag="110" ind1="2" ind2=" ">
            <subfield code="a">Plébániatemplom Kottatára</subfield>
            <subfield code="c">Kőszeg</subfield>
            <subfield code="g">H-KŐ</subfield>
         </datafield>
         <datafield tag="410" ind1="2" ind2=" ">
            <subfield code="a">Parish Church</subfield>
         </datafield>
         <datafield tag="622" ind1=" " ind2=" ">
            <subfield code="e">Plébániatemplom Kottatára, Jurisich u. 12, 9730 Kőszeg, Hungary</subfield>
         </datafield>
      </record>