
      <record>
         <leader>00000nz  a2200169   4500</leader>
         <controlfield tag="001">30001701</controlfield>
         <controlfield tag="003">RISM</controlfield>
         <controlfield tag="005">20160216</controlfield>
         <controlfield tag="008">160216n||az|||||||##########||||||||||||</controlfield>
         <datafield tag="040" ind1=" " ind2=" ">
            <subfield code="a">H-MOp</subfield>
         </datafield>
         <datafield tag="043" ind1=" " ind2=" ">
            <subfield code="c">XA-HU</subfield>
         </datafield>
         <datafield tag="110" ind1="2" ind2=" ">
            <subfield code="a">1. sz. Plébániatemplom Kottatára</subfield>
            <subfield code="c">Mosonmagyaróvár</subfield>
            <subfield code="g">H-MOp</subfield>
         </datafield>
         <datafield tag="410" ind1="2" ind2=" ">
            <subfield code="a">Parish Church Music Library</subfield>
         </datafield>
         <datafield tag="622" ind1=" " ind2=" ">
            <subfield code="e">1. sz. Plébániatemplom Kottatára, Szent László tér 1, 9200 Mosonmagyaróvár, Hungary</subfield>
         </datafield>
      </record>