
      <record>
         <leader>00000nz  a2200169   4500</leader>
         <controlfield tag="001">30001702</controlfield>
         <controlfield tag="003">RISM</controlfield>
         <controlfield tag="005">20160216</controlfield>
         <controlfield tag="008">160216n||az|||||||##########||||||||||||</controlfield>
         <datafield tag="040" ind1=" " ind2=" ">
            <subfield code="a">H-NY</subfield>
         </datafield>
         <datafield tag="043" ind1=" " ind2=" ">
            <subfield code="c">XA-HU</subfield>
         </datafield>
         <datafield tag="110" ind1="2" ind2=" ">
            <subfield code="a">Református Városi Egyházközség Könyvtára</subfield>
            <subfield code="c">Nyíregyháza</subfield>
            <subfield code="g">H-NY</subfield>
         </datafield>
         <datafield tag="410" ind1="2" ind2=" ">
            <subfield code="a">Municipal Refromed Parish Library</subfield>
         </datafield>
         <datafield tag="622" ind1=" " ind2=" ">
            <subfield code="e">Református Városi Egyházközség Könyvtára, Kálvin tér 11, 4401 Nyíregyháza, Hungary</subfield>
         </datafield>
      </record>