
      <record>
         <leader>00000nz  a2200169   4500</leader>
         <controlfield tag="001">30000260</controlfield>
         <controlfield tag="003">RISM</controlfield>
         <controlfield tag="005">20160216</controlfield>
         <controlfield tag="008">160216n||az|||||||##########||||||||||||</controlfield>
         <datafield tag="040" ind1=" " ind2=" ">
            <subfield code="a">H-P</subfield>
         </datafield>
         <datafield tag="043" ind1=" " ind2=" ">
            <subfield code="c">XA-HU</subfield>
         </datafield>
         <datafield tag="110" ind1="2" ind2=" ">
            <subfield code="a">Pécsi Egyházmegye, Pécsi Püsköpi Levéltár, Székesegyházi Kottatár</subfield>
            <subfield code="c">Pécs</subfield>
            <subfield code="g">H-P</subfield>
         </datafield>
         <datafield tag="410" ind1="2" ind2=" ">
            <subfield code="a">Archivum Musicale Cathedralis</subfield>
         </datafield>
         <datafield tag="622" ind1=" " ind2=" ">
            <subfield code="e">Pécsi Egyházmegye, Pécsi Püsköpi,  Levéltár, Székesegyházi Kottatár, Szent István tér 23, 7624 Pécs, Hungary</subfield>
         </datafield>
      </record>