
      <record>
         <leader>00000nz  a2200169   4500</leader>
         <controlfield tag="001">30001704</controlfield>
         <controlfield tag="003">RISM</controlfield>
         <controlfield tag="005">20160216</controlfield>
         <controlfield tag="008">160216n||az|||||||##########||||||||||||</controlfield>
         <datafield tag="040" ind1=" " ind2=" ">
            <subfield code="a">H-PA</subfield>
         </datafield>
         <datafield tag="043" ind1=" " ind2=" ">
            <subfield code="c">XA-HU</subfield>
         </datafield>
         <datafield tag="110" ind1="2" ind2=" ">
            <subfield code="a">Dunántúli Református Egyházkerület Könyvtára</subfield>
            <subfield code="c">Pápa</subfield>
            <subfield code="g">H-PA</subfield>
         </datafield>
         <datafield tag="410" ind1="2" ind2=" ">
            <subfield code="a">Reformed Church of the Trans-Danubian District, Library</subfield>
         </datafield>
         <datafield tag="410" ind1="2" ind2=" ">
            <subfield code="a">Református Egyházkerület Könyvtára</subfield>
         </datafield>
         <datafield tag="622" ind1=" " ind2=" ">
            <subfield code="e">Dunántúli Református Egyházkerület,  Könyvtára, Március 15 tér 9, 8500  Pápa, Hungary</subfield>
         </datafield>
      </record>