
      <record>
         <leader>00000nz  a2200169   4500</leader>
         <controlfield tag="001">30001705</controlfield>
         <controlfield tag="003">RISM</controlfield>
         <controlfield tag="005">20160216</controlfield>
         <controlfield tag="008">160216n||az|||||||##########||||||||||||</controlfield>
         <datafield tag="040" ind1=" " ind2=" ">
            <subfield code="a">H-PH</subfield>
         </datafield>
         <datafield tag="043" ind1=" " ind2=" ">
            <subfield code="c">XA-HU</subfield>
         </datafield>
         <datafield tag="110" ind1="2" ind2=" ">
            <subfield code="a">Szent Benedek Rend Központi Főkönyvtára</subfield>
            <subfield code="c">Pannonhalma</subfield>
            <subfield code="g">H-PH</subfield>
         </datafield>
         <datafield tag="410" ind1="2" ind2=" ">
            <subfield code="a">Benedictine Chief Central Library, Music Collection</subfield>
         </datafield>
         <datafield tag="410" ind1="2" ind2=" ">
            <subfield code="a">Főapátság Könyvtára</subfield>
         </datafield>
         <datafield tag="622" ind1=" " ind2=" ">
            <subfield code="e">Szent Benedek Rend Központi Főkönyvtára, 9090 Pannonhalma, Hungary</subfield>
         </datafield>
      </record>