
      <record>
         <leader>00000nz  a2200169   4500</leader>
         <controlfield tag="001">30003057</controlfield>
         <controlfield tag="003">RISM</controlfield>
         <controlfield tag="005">20160216</controlfield>
         <controlfield tag="008">160216n||az|||||||##########||||||||||||</controlfield>
         <datafield tag="040" ind1=" " ind2=" ">
            <subfield code="a">H-Pm</subfield>
         </datafield>
         <datafield tag="043" ind1=" " ind2=" ">
            <subfield code="c">XA-HU</subfield>
         </datafield>
         <datafield tag="110" ind1="2" ind2=" ">
            <subfield code="a">Muzeumi Könyvtár</subfield>
            <subfield code="c">Pécs</subfield>
            <subfield code="g">H-Pm</subfield>
         </datafield>
      </record>