
      <record>
         <leader>00000nz  a2200169   4500</leader>
         <controlfield tag="001">30001703</controlfield>
         <controlfield tag="003">RISM</controlfield>
         <controlfield tag="005">20160216</controlfield>
         <controlfield tag="008">160216n||az|||||||##########||||||||||||</controlfield>
         <datafield tag="040" ind1=" " ind2=" ">
            <subfield code="a">H-Pu</subfield>
         </datafield>
         <datafield tag="043" ind1=" " ind2=" ">
            <subfield code="c">XA-HU</subfield>
         </datafield>
         <datafield tag="110" ind1="2" ind2=" ">
            <subfield code="a">Egyetemi Könyvtár</subfield>
            <subfield code="c">Pécs</subfield>
            <subfield code="g">H-Pu</subfield>
         </datafield>
         <datafield tag="410" ind1="2" ind2=" ">
            <subfield code="a">University Library</subfield>
         </datafield>
         <datafield tag="410" ind1="2" ind2=" ">
            <subfield code="a">Püspöki Könyvtár</subfield>
         </datafield>
         <datafield tag="410" ind1="2" ind2=" ">
            <subfield code="a">M. Kir. Erzsébet Tudomány-Egyetem Könyvtára</subfield>
         </datafield>
         <datafield tag="622" ind1=" " ind2=" ">
            <subfield code="e">Egyetemi Könyvtár, Leonardo da Vinci u. 3, 7641 Pécs, Hungary</subfield>
         </datafield>
      </record>