
      <record>
         <leader>00000nz  a2200169   4500</leader>
         <controlfield tag="001">30001711</controlfield>
         <controlfield tag="003">RISM</controlfield>
         <controlfield tag="005">20160216</controlfield>
         <controlfield tag="008">160216n||az|||||||##########||||||||||||</controlfield>
         <datafield tag="040" ind1=" " ind2=" ">
            <subfield code="a">H-SA</subfield>
         </datafield>
         <datafield tag="043" ind1=" " ind2=" ">
            <subfield code="c">XA-HU</subfield>
         </datafield>
         <datafield tag="110" ind1="2" ind2=" ">
            <subfield code="a">Tiszáninneni Református Egyházkerület Nagykönyvtára</subfield>
            <subfield code="c">Sárospatak</subfield>
            <subfield code="g">H-SA</subfield>
         </datafield>
         <datafield tag="410" ind1="2" ind2=" ">
            <subfield code="a">Reformed Church District West of the River Tisza, Library</subfield>
         </datafield>
         <datafield tag="410" ind1="2" ind2=" ">
            <subfield code="a">Református Egyházkerületi Könyvtár</subfield>
         </datafield>
         <datafield tag="410" ind1="2" ind2=" ">
            <subfield code="a">Sárospataki ref. Főiskola Nagykönyvtára</subfield>
         </datafield>
         <datafield tag="622" ind1=" " ind2=" ">
            <subfield code="e">Tiszáninneni Református Egyházkerület,  Nagykönyvtára, Rákóczi u. 1, 3950 Sárospatak, Hungary</subfield>
         </datafield>
      </record>