
      <record>
         <leader>00000nz  a2200169   4500</leader>
         <controlfield tag="001">30003058</controlfield>
         <controlfield tag="003">RISM</controlfield>
         <controlfield tag="005">20160216</controlfield>
         <controlfield tag="008">160216n||az|||||||##########||||||||||||</controlfield>
         <datafield tag="040" ind1=" " ind2=" ">
            <subfield code="a">H-Sa</subfield>
         </datafield>
         <datafield tag="043" ind1=" " ind2=" ">
            <subfield code="c">XA-HU</subfield>
         </datafield>
         <datafield tag="110" ind1="2" ind2=" ">
            <subfield code="a">Állami Levéltár</subfield>
            <subfield code="c">Sopron</subfield>
            <subfield code="g">H-Sa</subfield>
         </datafield>
         <datafield tag="410" ind1="2" ind2=" ">
            <subfield code="a">State Archive</subfield>
         </datafield>
         <datafield tag="622" ind1=" " ind2=" ">
            <subfield code="e">Állami Levéltár, Beloiannisz u. 1, 9400 Sopron, Hungary</subfield>
         </datafield>
      </record>