
      <record>
         <leader>00000nz  a2200169   4500</leader>
         <controlfield tag="001">30001712</controlfield>
         <controlfield tag="003">RISM</controlfield>
         <controlfield tag="005">20160216</controlfield>
         <controlfield tag="008">160216n||az|||||||##########||||||||||||</controlfield>
         <datafield tag="040" ind1=" " ind2=" ">
            <subfield code="a">H-SD</subfield>
         </datafield>
         <datafield tag="043" ind1=" " ind2=" ">
            <subfield code="c">XA-HU</subfield>
         </datafield>
         <datafield tag="110" ind1="2" ind2=" ">
            <subfield code="a">Balogh Ádám Megyei Múzeum</subfield>
            <subfield code="c">Szekszárd</subfield>
            <subfield code="g">H-SD</subfield>
         </datafield>
         <datafield tag="410" ind1="2" ind2=" ">
            <subfield code="a">Ádám Balogh Regional Museum</subfield>
         </datafield>
         <datafield tag="410" ind1="2" ind2=" ">
            <subfield code="a">A.-Balogh-Komitatsmuseum</subfield>
         </datafield>
         <datafield tag="410" ind1="2" ind2=" ">
            <subfield code="a">Tolna Vármegyei Múzeum</subfield>
         </datafield>
         <datafield tag="622" ind1=" " ind2=" ">
            <subfield code="e">Balogh Ádám Megyei Múzeum, P.O.B. 44, Mártírok tere 26, 7101 Szekszárd, Hungary</subfield>
         </datafield>
      </record>