
      <record>
         <leader>00000nz  a2200169   4500</leader>
         <controlfield tag="001">30001714</controlfield>
         <controlfield tag="003">RISM</controlfield>
         <controlfield tag="005">20160216</controlfield>
         <controlfield tag="008">160216n||az|||||||##########||||||||||||</controlfield>
         <datafield tag="040" ind1=" " ind2=" ">
            <subfield code="a">H-SFm</subfield>
         </datafield>
         <datafield tag="043" ind1=" " ind2=" ">
            <subfield code="c">XA-HU</subfield>
         </datafield>
         <datafield tag="110" ind1="2" ind2=" ">
            <subfield code="a">István Király Múzeum</subfield>
            <subfield code="c">Székesfehérvár</subfield>
            <subfield code="g">H-SFm</subfield>
         </datafield>
         <datafield tag="410" ind1="2" ind2=" ">
            <subfield code="a">King Stephen Museum</subfield>
         </datafield>
         <datafield tag="410" ind1="2" ind2=" ">
            <subfield code="a">Muzeumi Könyvtár</subfield>
         </datafield>
         <datafield tag="622" ind1=" " ind2=" ">
            <subfield code="e">István Király Múzeum, P.O.B. 12, Gagarin tér 3, 8001 Székesfehérvár, Hungary</subfield>
            <subfield code="u">http://www.szikm.hu/</subfield>
         </datafield>
      </record>