
      <record>
         <leader>00000nz  a2200169   4500</leader>
         <controlfield tag="001">30001707</controlfield>
         <controlfield tag="003">RISM</controlfield>
         <controlfield tag="005">20160216</controlfield>
         <controlfield tag="008">160216n||az|||||||##########||||||||||||</controlfield>
         <datafield tag="040" ind1=" " ind2=" ">
            <subfield code="a">H-Sg</subfield>
         </datafield>
         <datafield tag="043" ind1=" " ind2=" ">
            <subfield code="c">XA-HU</subfield>
         </datafield>
         <datafield tag="110" ind1="2" ind2=" ">
            <subfield code="a">Berzsenyi Dániel Gimnázium Könyvtára</subfield>
            <subfield code="c">Sopron</subfield>
            <subfield code="g">H-Sg</subfield>
         </datafield>
         <datafield tag="410" ind1="2" ind2=" ">
            <subfield code="a">Dániel Berzsenyi Secondary School, Library</subfield>
         </datafield>
         <datafield tag="622" ind1=" " ind2=" ">
            <subfield code="e">Berzsenyi Dániel Gimnázium Könyvtára, P.O.B. 77, Széchényi tér 11, 9401 Sopron, Hungary</subfield>
         </datafield>
      </record>