
      <record>
         <leader>00000nz  a2200169   4500</leader>
         <controlfield tag="001">30001717</controlfield>
         <controlfield tag="003">RISM</controlfield>
         <controlfield tag="005">20160216</controlfield>
         <controlfield tag="008">160216n||az|||||||##########||||||||||||</controlfield>
         <datafield tag="040" ind1=" " ind2=" ">
            <subfield code="a">H-SGm</subfield>
         </datafield>
         <datafield tag="043" ind1=" " ind2=" ">
            <subfield code="c">XA-HU</subfield>
         </datafield>
         <datafield tag="110" ind1="2" ind2=" ">
            <subfield code="a">Móra Ferenc Múzeum</subfield>
            <subfield code="c">Szeged</subfield>
            <subfield code="g">H-SGm</subfield>
         </datafield>
         <datafield tag="622" ind1=" " ind2=" ">
            <subfield code="e">Móra Ferenc Múzeum, P.O.B. 474, Roosevelt tér 1-3, 6701 Szeged, Hungary</subfield>
         </datafield>
      </record>