
      <record>
         <leader>00000nz  a2200169   4500</leader>
         <controlfield tag="001">30001709</controlfield>
         <controlfield tag="003">RISM</controlfield>
         <controlfield tag="005">20160216</controlfield>
         <controlfield tag="008">160216n||az|||||||##########||||||||||||</controlfield>
         <datafield tag="040" ind1=" " ind2=" ">
            <subfield code="a">H-Sp</subfield>
         </datafield>
         <datafield tag="043" ind1=" " ind2=" ">
            <subfield code="c">XA-HU</subfield>
         </datafield>
         <datafield tag="110" ind1="2" ind2=" ">
            <subfield code="a">Szentlélekről és Szent Mihályról nevezett Városplébánia Kottatára</subfield>
            <subfield code="c">Sopron</subfield>
            <subfield code="g">H-Sp</subfield>
         </datafield>
         <datafield tag="410" ind1="2" ind2=" ">
            <subfield code="a">The Holy Ghost and Saint Michael Municipal Church, Music Collection</subfield>
         </datafield>
         <datafield tag="622" ind1=" " ind2=" ">
            <subfield code="e">Szentlélekről és Szent Mihályról,  nevezett Városplébánia Kottatára, Szentlélek u. 2, 9400 Sopron, Hungary</subfield>
         </datafield>
      </record>