
      <record>
         <leader>00000nz  a2200169   4500</leader>
         <controlfield tag="001">30001710</controlfield>
         <controlfield tag="003">RISM</controlfield>
         <controlfield tag="005">20160216</controlfield>
         <controlfield tag="008">160216n||az|||||||##########||||||||||||</controlfield>
         <datafield tag="040" ind1=" " ind2=" ">
            <subfield code="a">H-Sst</subfield>
         </datafield>
         <datafield tag="043" ind1=" " ind2=" ">
            <subfield code="c">XA-HU</subfield>
         </datafield>
         <datafield tag="110" ind1="2" ind2=" ">
            <subfield code="a">Storno Gyűjtemény</subfield>
            <subfield code="c">Sopron</subfield>
            <subfield code="g">H-Sst</subfield>
         </datafield>
         <datafield tag="410" ind1="2" ind2=" ">
            <subfield code="a">Storno private collection</subfield>
         </datafield>
         <datafield tag="410" ind1="2" ind2=" ">
            <subfield code="a">Storno Magángyűjtemény</subfield>
         </datafield>
         <datafield tag="622" ind1=" " ind2=" ">
            <subfield code="e">Storno Gyűjtemény, Beloiannisz tér 8, 9400 Sopron, Hungary</subfield>
         </datafield>
      </record>