
      <record>
         <leader>00000nz  a2200169   4500</leader>
         <controlfield tag="001">30001719</controlfield>
         <controlfield tag="003">RISM</controlfield>
         <controlfield tag="005">20160216</controlfield>
         <controlfield tag="008">160216n||az|||||||##########||||||||||||</controlfield>
         <datafield tag="040" ind1=" " ind2=" ">
            <subfield code="a">H-SY</subfield>
         </datafield>
         <datafield tag="043" ind1=" " ind2=" ">
            <subfield code="c">XA-HU</subfield>
         </datafield>
         <datafield tag="110" ind1="2" ind2=" ">
            <subfield code="a">Püspöki Könyvtár</subfield>
            <subfield code="c">Szombathely</subfield>
            <subfield code="g">H-SY</subfield>
         </datafield>
         <datafield tag="410" ind1="2" ind2=" ">
            <subfield code="a">Episcopal Library</subfield>
         </datafield>
         <datafield tag="410" ind1="2" ind2=" ">
            <subfield code="a">Katolikus Egyházmegyei Könyvtár</subfield>
         </datafield>
         <datafield tag="410" ind1="2" ind2=" ">
            <subfield code="a">Szemináriumi Könyvtár, Székesegyházi Könyvtár</subfield>
         </datafield>
         <datafield tag="622" ind1=" " ind2=" ">
            <subfield code="e">Püspöki Könyvtár, P.O.B. 41, Berzsenyi tér 3, 9701 Szombathely, Hungary</subfield>
         </datafield>
      </record>