
      <record>
         <leader>00000nz  a2200169   4500</leader>
         <controlfield tag="001">30000215</controlfield>
         <controlfield tag="003">RISM</controlfield>
         <controlfield tag="005">20160216</controlfield>
         <controlfield tag="008">160216n||az|||||||##########||||||||||||</controlfield>
         <datafield tag="040" ind1=" " ind2=" ">
            <subfield code="a">H-SYb</subfield>
         </datafield>
         <datafield tag="043" ind1=" " ind2=" ">
            <subfield code="c">XA-HU</subfield>
         </datafield>
         <datafield tag="110" ind1="2" ind2=" ">
            <subfield code="a">Berzsenyi Dániel Megyei Könyvtár</subfield>
            <subfield code="c">Szombathely</subfield>
            <subfield code="g">H-SYb</subfield>
         </datafield>
         <datafield tag="410" ind1="2" ind2=" ">
            <subfield code="a">Dániel Berzsenyi Regional Library</subfield>
         </datafield>
         <datafield tag="622" ind1=" " ind2=" ">
            <subfield code="e">Berzsenyi Dániel Megyei Könyvtár, P.O.B. 113, Petöfi S. u. 43, 9701 Szombathely, Hungary</subfield>
         </datafield>
      </record>