
      <record>
         <leader>00000nz  a2200169   4500</leader>
         <controlfield tag="001">30004492</controlfield>
         <controlfield tag="003">RISM</controlfield>
         <controlfield tag="005">20160216</controlfield>
         <controlfield tag="008">160216n||az|||||||##########||||||||||||</controlfield>
         <datafield tag="040" ind1=" " ind2=" ">
            <subfield code="a">H-SZgs</subfield>
         </datafield>
         <datafield tag="043" ind1=" " ind2=" ">
            <subfield code="c">XA-HU</subfield>
         </datafield>
         <datafield tag="110" ind1="2" ind2=" ">
            <subfield code="a">Görögkeleti Szerb Püspökség Könyvtára</subfield>
            <subfield code="c">Szentendre</subfield>
            <subfield code="g">H-SZgs</subfield>
         </datafield>
         <datafield tag="410" ind1="2" ind2=" ">
            <subfield code="a">Serbian Orthodox Episcopal Library</subfield>
         </datafield>
         <datafield tag="622" ind1=" " ind2=" ">
            <subfield code="e">Görögkeleti Szerb Püspökség Könyvtára, Engels u. 5, 2000 Szentendre, Hungary</subfield>
         </datafield>
      </record>