
      <record>
         <leader>00000nz  a2200169   4500</leader>
         <controlfield tag="001">30004493</controlfield>
         <controlfield tag="003">RISM</controlfield>
         <controlfield tag="005">20160216</controlfield>
         <controlfield tag="008">160216n||az|||||||##########||||||||||||</controlfield>
         <datafield tag="040" ind1=" " ind2=" ">
            <subfield code="a">H-Vek</subfield>
         </datafield>
         <datafield tag="043" ind1=" " ind2=" ">
            <subfield code="c">XA-HU</subfield>
         </datafield>
         <datafield tag="110" ind1="2" ind2=" ">
            <subfield code="a">Egyházmegyei Könyvtár</subfield>
            <subfield code="c">Vác</subfield>
            <subfield code="g">H-Vek</subfield>
         </datafield>
         <datafield tag="410" ind1="2" ind2=" ">
            <subfield code="a">Diocesan Library</subfield>
         </datafield>
         <datafield tag="622" ind1=" " ind2=" ">
            <subfield code="e">Egyházmegyei Könyvtár, Vak Bottyán tér 1, 2600 Vác, Hungary</subfield>
         </datafield>
      </record>