
      <record>
         <leader>00000nz  a2200169   4500</leader>
         <controlfield tag="001">30004496</controlfield>
         <controlfield tag="003">RISM</controlfield>
         <controlfield tag="005">20160216</controlfield>
         <controlfield tag="008">160216n||az|||||||##########||||||||||||</controlfield>
         <datafield tag="040" ind1=" " ind2=" ">
            <subfield code="a">H-ZIk</subfield>
         </datafield>
         <datafield tag="043" ind1=" " ind2=" ">
            <subfield code="c">XA-HU</subfield>
         </datafield>
         <datafield tag="110" ind1="2" ind2=" ">
            <subfield code="a">"Reguly Antal" Műemlék-Könyvtár</subfield>
            <subfield code="c">Zirc</subfield>
            <subfield code="g">H-ZIk</subfield>
         </datafield>
         <datafield tag="410" ind1="2" ind2=" ">
            <subfield code="a">Antal Reguly Historical Library of the National Széchényi Library</subfield>
         </datafield>
         <datafield tag="410" ind1="2" ind2=" ">
            <subfield code="a">Országos Széchényi Könyvtár "Reguly Antal" Műemlék-Könyvtára</subfield>
         </datafield>
         <datafield tag="622" ind1=" " ind2=" ">
            <subfield code="e">"Reguly Antal" Műemlék-Könyvtár, Rákóczi tér 1, 8420 Zirc, Hungary</subfield>
         </datafield>
      </record>