
      <record>
         <leader>00000nz  a2200169   4500</leader>
         <controlfield tag="001">30004494</controlfield>
         <controlfield tag="003">RISM</controlfield>
         <controlfield tag="005">20160216</controlfield>
         <controlfield tag="008">160216n||az|||||||##########||||||||||||</controlfield>
         <datafield tag="040" ind1=" " ind2=" ">
            <subfield code="a">H-Zmk</subfield>
         </datafield>
         <datafield tag="043" ind1=" " ind2=" ">
            <subfield code="c">XA-HU</subfield>
         </datafield>
         <datafield tag="110" ind1="2" ind2=" ">
            <subfield code="a">Zala Megyei Könyvtár</subfield>
            <subfield code="c">Zalaegerszeg</subfield>
            <subfield code="g">H-Zmk</subfield>
         </datafield>
         <datafield tag="410" ind1="2" ind2=" ">
            <subfield code="a">Zala Regional Library</subfield>
         </datafield>
         <datafield tag="622" ind1=" " ind2=" ">
            <subfield code="e">Zala Megyei Könyvtár, P.O.B. 16, Szabadság tér, 8901 Zalaegerszeg, Hungary</subfield>
         </datafield>
      </record>